@book{Herlihy:2008,
    author = {Herlihy, Maurice and Shavit, Nir},
    title = {The Art of Multiprocessor Programming},
    year = {2008},
    publisher = {Morgan Kaufmann Publishers Inc.},
    address = {San Francisco, CA, USA}
}
@book{Stolyarov:2011,
    author = {Столяров, Андрей Викторович},
    title = {Программирование на языке ассемблера NASM для ОС UNIX},
    year = {2011},
    publisher = {МАКС Пресс},
    address = {Москва, Россия}
}
@book{Tormasov:2014,
    author = {Тормасов, Александр Геннадьевич},
    title = {Параллельное программирование многопоточных систем с разделяемой памятью},
    year = {2014},
    publisher = {Физматкнига},
    address = {Москва, Россия}
}
